@BOOK{Smith:2012qr,
	title = {{B}ook {T}itle},
	publisher = {Publisher},
	author = {Smith, J.~M. and Jones, A.~B.},
	year = {2012},
	edition = {7th},
}

@ARTICLE{Smith:2013jd,
	author = {Jones, A.~B. and Smith, J.~M.},
	title = {{A}rticle {T}itle},
	journal = {{J}ournal {T}itle},
	year = {2013},
	volume = {13},
	pages = {123-456},
	number = {52},
	month = {March},
	publisher = {Publisher}
}

@book{alberts2015molecular,
  title={Molecular Biology of the Cell in Cell},
  author={Alberts, Bruce and Johnson, Alexander and Lewis, Julian and Morgan, David and Raff, Martin and Roberts, Keith and Walter, Peter},
  year={2015},
  edition = {6th},
  publisher={Garland Science, Taylor \& Francis Group}
}



@article{ashburner2000gene,
  title={Gene ontology: tool for the unification of biology},
  author={Ashburner, Michael and Ball, Catherine A and Blake, Judith A and Botstein, David and Butler, Heather and Cherry, J Michael and Davis, Allan P and Dolinski, Kara and Dwight, Selina S and Eppig, Janan T and others},
  journal={Nature genetics},
  volume={25},
  number={1},
  pages={25--29},
  year={2000},
  publisher={Nature Publishing Group}
}

@article{baruah2015conformational,
  title={Conformational entropy of intrinsically disordered proteins from amino acid triads},
  author={Baruah, Anupaul and Rani, Pooja and Biswas, Parbati},
  journal={Scientific reports},
  volume={5},
  pages={11740},
  year={2015},
  publisher={Nature Publishing Group}
}

@article{bateman1999pfam,
  title={Pfam 3.1: 1313 multiple alignments and profile HMMs match the majority of proteins},
  author={Bateman, Alex and Birney, Ewan and Durbin, Richard and Eddy, Sean R and Finn, Robert D and Sonnhammer, Erik LL},
  journal={Nucleic acids research},
  volume={27},
  number={1},
  pages={260--262},
  year={1999},
  publisher={Oxford University Press}
}

@article{bateman2004pfam,
  title={The Pfam protein families database},
  author={Bateman, Alex and Coin, Lachlan and Durbin, Richard and Finn, Robert D and Hollich, Volker and Griffiths-Jones, Sam and Khanna, Ajay and Marshall, Mhairi and Moxon, Simon and Sonnhammer, Erik LL and others},
  journal={Nucleic acids research},
  volume={32},
  number={suppl\_1},
  pages={D138--D141},
  year={2004},
  publisher={Oxford University Press}
}

@article{botstein1997yeast,
  title={Yeast as a model organism},
  author={Botstein, David and Chervitz, Steven A and Cherry, Michael},
  journal={Science},
  volume={277},
  number={5330},
  pages={1259--1260},
  year={1997},
  publisher={American Association for the Advancement of Science}
}

@article{buljan2010quantifying,
  title={Quantifying the mechanisms of domain gain in animal proteins},
  author={Buljan, Marija and Frankish, Adam and Bateman, Alex},
  journal={Genome biology},
  volume={11},
  number={7},
  pages={R74},
  year={2010},
  publisher={BioMed Central}
}

@article{chatr2017biogrid,
  title={The BioGRID interaction database: 2017 update},
  author={Chatr-Aryamontri, Andrew and Oughtred, Rose and Boucher, Lorrie and Rust, Jennifer and Chang, Christie and Kolas, Nadine K and O'Donnell, Lara and Oster, Sara and Theesfeld, Chandra and Sellam, Adnane and others},
  journal={Nucleic acids research},
  volume={45},
  number={D1},
  pages={D369--D379},
  year={2017},
  publisher={Oxford University Press}
}

@article{chen2006conservation,
  title={Conservation of intrinsic disorder in protein domains and families: I. A database of conserved predicted disordered regions},
  author={Chen, Jessica Walton and Romero, Pedro and Uversky, Vladimir N and Dunker, A Keith},
  journal={Journal of proteome research},
  volume={5},
  number={4},
  pages={879--887},
  year={2006},
  publisher={ACS Publications}
}

@article{collins2007toward,
  title={Toward a comprehensive atlas of the physical interactome of Saccharomyces cerevisiae},
  author={Collins, Sean R and Kemmeren, Patrick and Zhao, Xue-Chu and Greenblatt, Jack F and Spencer, Forrest and Holstege, Frank CP and Weissman, Jonathan S and Krogan, Nevan J},
  journal={Molecular \& Cellular Proteomics},
  volume={6},
  number={3},
  pages={439--450},
  year={2007},
  publisher={ASBMB}
}

@article{dunker2000intrinsic,
  title={Intrinsic protein disorder in complete genomes},
  author={Dunker, A Keith and Romero, Pedro and Obradovic, Zoran and Garner, Ethan C and Brown, Celeste J},
  journal={Genome Informatics},
  volume={11},
  pages={161--171},
  year={2000},
  publisher={Japanese Society for Bioinformatics}
}

@article{dunker2002intrinsic,
  title={Intrinsic disorder and protein function},
  author={Dunker, A Keith and Brown, Celeste J and Lawson, J David and Iakoucheva, Lilia M and Obradovi{\'c}, Zoran},
  journal={Biochemistry},
  volume={41},
  number={21},
  pages={6573--6582},
  year={2002},
  publisher={ACS Publications}
}

@article{dunker2013s,
  title={Whatâ€™s in a name? Why these proteins are intrinsically disordered: Why these proteins are intrinsically disordered},
  author={Dunker, A Keith and Babu, M Madan and Barbar, Elisar and Blackledge, Martin and Bondos, Sarah E and Doszt{\'a}nyi, Zsuzsanna and Dyson, H Jane and Forman-Kay, Julie and Fuxreiter, Monika and Gsponer, J{\"o}rg and others},
  journal={Intrinsically disordered proteins},
  volume={1},
  number={1},
  pages={e24157},
  year={2013},
  publisher={Taylor \& Francis}
}
@article{finn2015pfam,
  title={The Pfam protein families database: towards a more sustainable future},
  author={Finn, Robert D and Coggill, Penelope and Eberhardt, Ruth Y and Eddy, Sean R and Mistry, Jaina and Mitchell, Alex L and Potter, Simon C and Punta, Marco and Qureshi, Matloob and Sangrador-Vegas, Amaia and others},
  journal={Nucleic acids research},
  volume={44},
  number={D1},
  pages={D279--D285},
  year={2015},
  publisher={Oxford University Press}
}

@article{hinz2010protein,
  title={From protein sequences to 3D-structures and beyond: the example of the UniProt knowledgebase},
  author={Hinz, Ursula and UniProt Consortium and others},
  journal={Cellular and molecular life sciences},
  volume={67},
  number={7},
  pages={1049--1064},
  year={2010},
  publisher={Springer}
}

@article{ito2001comprehensive,
  title={A comprehensive two-hybrid analysis to explore the yeast protein interactome},
  author={Ito, Takashi and Chiba, Tomoko and Ozawa, Ritsuko and Yoshida, Mikio and Hattori, Masahira and Sakaki, Yoshiyuki},
  journal={Proceedings of the National Academy of Sciences},
  volume={98},
  number={8},
  pages={4569--4574},
  year={2001},
  publisher={National Acad Sciences}
}

@article{katoh2008recent,
  title={Recent developments in the MAFFT multiple sequence alignment program},
  author={Katoh, Kazutaka and Toh, Hiroyuki},
  journal={Briefings in bioinformatics},
  volume={9},
  number={4},
  pages={286--298},
  year={2008},
  publisher={Oxford University Press}
}

@article{katoh2012adding,
  title={Adding unaligned sequences into an existing alignment using MAFFT and LAST},
  author={Katoh, Kazutaka and Frith, Martin C},
  journal={Bioinformatics},
  volume={28},
  number={23},
  pages={3144},
  year={2012},
  publisher={Oxford University Press}
}


@article{linding2003protein,
  title={Protein disorder prediction: implications for structural proteomics},
  author={Linding, Rune and Jensen, Lars Juhl and Diella, Francesca and Bork, Peer and Gibson, Toby J and Russell, Robert B},
  journal={Structure},
  volume={11},
  number={11},
  pages={1453--1459},
  year={2003},
  publisher={Elsevier}
}

@book{nelson2017lehninger,
  title={Lehninger principles of biochemistry},
  author={Nelson, David L and Lehninger, Albert L and Cox, Michael M},
  year={2017},
  edition = {7th},
  publisher={Macmillan}
}


@article{oldfield2014intrinsically,
  title={Intrinsically disordered proteins and intrinsically disordered protein regions},
  author={Oldfield, Christopher J and Dunker, A Keith},
  journal={Annual review of biochemistry},
  volume={83},
  pages={553--584},
  year={2014},
  publisher={Annual Reviews}
}

@article{pentony2010modularity,
  title={Modularity of intrinsic disorder in the human proteome},
  author={Pentony, Melissa M and Jones, David T},
  journal={Proteins: Structure, Function, and Bioinformatics},
  volume={78},
  number={1},
  pages={212--221},
  year={2010},
  publisher={Wiley Online Library}
}

@article{piovesan2016disprot,
  title={DisProt 7.0: a major update of the database of disordered proteins},
  author={Piovesan, Damiano and Tabaro, Francesco and Mi{\v{c}}eti{\'c}, Ivan and Necci, Marco and Quaglia, Federica and Oldfield, Christopher J and Aspromonte, Maria Cristina and Davey, Norman E and Davidovi{\'c}, Radoslav and Doszt{\'a}nyi, Zsuzsanna and others},
  journal={Nucleic acids research},
  volume={45},
  number={D1},
  pages={D219--D227},
  year={2016},
  publisher={Oxford University Press}
}

@article{punta2011pfam,
  title={The Pfam protein families database},
  author={Punta, Marco and Coggill, Penny C and Eberhardt, Ruth Y and Mistry, Jaina and Tate, John and Boursnell, Chris and Pang, Ningze and Forslund, Kristoffer and Ceric, Goran and Clements, Jody and others},
  journal={Nucleic acids research},
  volume={40},
  number={D1},
  pages={D290--D301},
  year={2011},
  publisher={Oxford University Press}
}

@article{reguly2006comprehensive,
  title={Comprehensive curation and analysis of global interaction networks in Saccharomyces cerevisiae},
  author={Reguly, Teresa and Breitkreutz, Ashton and Boucher, Lorrie and Breitkreutz, Bobby-Joe and Hon, Gary C and Myers, Chad L and Parsons, Ainslie and Friesen, Helena and Oughtred, Rose and Tong, Amy and others},
  journal={Journal of biology},
  volume={5},
  number={4},
  pages={11},
  year={2006},
  publisher={BioMed Central}
}

@article{sonnhammer1997pfam,
  title={Pfam: a comprehensive database of protein domain families based on seed alignments},
  author={Sonnhammer, Erik LL and Eddy, Sean R and Durbin, Richard},
  journal={Proteins: Structure, Function, and Bioinformatics},
  volume={28},
  number={3},
  pages={405--420},
  year={1997},
  publisher={Wiley Online Library}
}

@inproceedings{teraguchi2010intrinsically,
  title={Intrinsically disordered domains deviate significantly from random sequences in mammalian proteins},
  author={Teraguchi, Shunsuke and Patil, Ashwini and Standley, Daron M},
  booktitle={BMC bioinformatics},
  volume={11},
  number={7},
  pages={S7},
  year={2010},
  organization={BioMed Central}
}

@article{tompa2009close,
  title={Close encounters of the third kind: disordered domains and the interactions of proteins},
  author={Tompa, Peter and Fuxreiter, Monika and Oldfield, Christopher J and Simon, Istvan and Dunker, A Keith and Uversky, Vladimir N},
  journal={Bioessays},
  volume={31},
  number={3},
  pages={328--335},
  year={2009},
  publisher={Wiley Online Library}
}

@article{uetz2000comprehensive,
  title={A comprehensive analysis of protein--protein interactions in Saccharomyces cerevisiae},
  author={Uetz, Peter and Giot, Loic and Cagney, Gerard and Mansfield, Traci A and Judson, Richard S and Knight, James R and Lockshon, Daniel and Narayan, Vaibhav and Srinivasan, Maithreyan and Pochart, Pascale and others},
  journal={Nature},
  volume={403},
  number={6770},
  pages={623},
  year={2000},
  publisher={Nature Publishing Group}
}

@article{van2014classification,
  title={Classification of intrinsically disordered regions and proteins},
  author={Van Der Lee, Robin and Buljan, Marija and Lang, Benjamin and Weatheritt, Robert J and Daughdrill, Gary W and Dunker, A Keith and Fuxreiter, Monika and Gough, Julian and Gsponer, Joerg and Jones, David T and others},
  journal={Chemical reviews},
  volume={114},
  number={13},
  pages={6589--6631},
  year={2014},
  publisher={ACS Publications}
}

@article{vucetic2004disprot,
  title={DisProt: a database of protein disorder},
  author={Vucetic, Slobodan and Obradovic, Zoran and Vacic, Vladimir and Radivojac, Predrag and Peng, Kang and Iakoucheva, Lilia M and Cortese, Marc S and Lawson, J David and Brown, Celeste J and Sikes, Jason G and others},
  journal={Bioinformatics},
  volume={21},
  number={1},
  pages={137--140},
  year={2004},
  publisher={Oxford University Press}
}


@article{xue2010pondr,
  title={PONDR-FIT: a meta-predictor of intrinsically disordered amino acids},
  author={Xue, Bin and Dunbrack, Roland L and Williams, Robert W and Dunker, A Keith and Uversky, Vladimir N},
  journal={Biochimica et Biophysica Acta (BBA)-Proteins and Proteomics},
  volume={1804},
  number={4},
  pages={996--1010},
  year={2010},
  publisher={Elsevier}
}

@book{zhou2017prediction,
  title={Prediction of Protein Secondary Structure},
  author={Zhou, Yaoqi and Kloczkowski, Andrzej and Faraggi, Eshel and Yang, Yuedong},
  year={2017},
  publisher={Springer}
}

@article{martinez2009universality,
  title={Universality of rank-ordering distributions in the arts and sciences},
  author={Mart{\'\i}nez-Mekler, Gustavo and Mart{\'\i}nez, Roberto Alvarez and del R{\'\i}o, Manuel Beltr{\'a}n and Mansilla, Ricardo and Miramontes, Pedro and Cocho, Germinal},
  journal={PLoS One},
  volume={4},
  number={3},
  pages={e4791},
  year={2009},
  publisher={Public Library of Science}
}


@article{dunker2001intrinsically,
  title={Intrinsically disordered protein},
  author={Dunker, A Keith and Lawson, J David and Brown, Celeste J and Williams, Ryan M and Romero, Pedro and Oh, Jeong S and Oldfield, Christopher J and Campen, Andrew M and Ratliff, Catherine M and Hipps, Kerry W and others},
  journal={Journal of molecular graphics and modelling},
  volume={19},
  number={1},
  pages={26--59},
  year={2001},
  publisher={Elsevier}
}

@article{cherry2012saccharomyces,
  title={Saccharomyces Genome Database: the genomics resource of budding yeast},
  author={Cherry, J Michael and Hong, Eurie L and Amundsen, Craig and Balakrishnan, Rama and Binkley, Gail and Chan, Esther T and Christie, Karen R and Costanzo, Maria C and Dwight, Selina S and Engel, Stacia R and others},
  journal={Nucleic acids research},
  volume={40},
  number={D1},
  pages={D700--D705},
  year={2012},
  publisher={Oxford University Press}
}

@article{gene2015gene,
  title={Gene ontology consortium: going forward},
  author={Gene Ontology Consortium},
  journal={Nucleic acids research},
  volume={43},
  number={D1},
  pages={D1049--D1056},
  year={2015},
  publisher={Oxford University Press}
}

@article{petersen2011statistical,
  title={Statistical regularities in the rank-citation profile of scientists},
  author={Petersen, Alexander M and Stanley, H Eugene and Succi, Sauro},
  journal={Scientific reports},
  volume={1},
  pages={181},
  year={2011},
  publisher={Nature Publishing Group}
}

@book{li1989kolmogorov,
  title={Kolmogorov complexity and its applications},
  author={Li, Ming and Vitanyi, Paul MB},
  year={1989},
  publisher={Centre for Mathematics and Computer Science}
}

@article{wang2002clustering,
  title={Clustering of the SOM easily reveals distinct gene expression patterns: results of a reanalysis of lymphoma study},
  author={Wang, Junbai and Delabie, Jan and Aasheim, Hans Christian and Smeland, Erlend and Myklebost, Ola},
  journal={BMC bioinformatics},
  volume={3},
  number={1},
  pages={1--9},
  year={2002},
  publisher={BioMed Central}
}

@article{martinez2009universality,
  title={Universality of rank-ordering distributions in the arts and sciences},
  author={Mart{\'\i}nez-Mekler, Gustavo and Mart{\'\i}nez, Roberto Alvarez and del R{\'\i}o, Manuel Beltr{\'a}n and Mansilla, Ricardo and Miramontes, Pedro and Cocho, Germinal},
  journal={PLoS One},
  volume={4},
  number={3},
  pages={e4791},
  year={2009},
  publisher={Public Library of Science}
}

@article{alberts1925adami,
  title={Adami, Christoph 2004. Information theory in molecular biology. Physics of Life Reviews 1: 3--22. Adams, Frederick 2003. The informational turn in philosophy. Minds and Machi-nes 13: 471--501.},
  author={Alberts, Bruce and Johnson, Alexander and Lewis, Julian and Raff, Martin and Roberts, Keith and Andersen, Peter B{\o}gh and Finnemann, Niels Ole and Christiansen, Peder Voetmann and Ashburner, Michael and Ball, Catherine A and others},
  journal={Annual Review of Biochemistry},
  volume={72},
  pages={291--336},
  year={1925}
}

@article{kohonen2013essentials,
  title={Essentials of the self-organizing map},
  author={Kohonen, Teuvo},
  journal={Neural networks},
  volume={37},
  pages={52--65},
  year={2013},
  publisher={Elsevier}
}

@article{nurminen2018impact,
  title={The impact of the vitamin D-modulated epigenome on VDR target gene regulation},
  author={Nurminen, Veijo and Neme, Antonio and Seuter, Sabine and Carlberg, Carsten},
  journal={Biochimica et Biophysica Acta (BBA)-Gene Regulatory Mechanisms},
  volume={1861},
  number={8},
  pages={697--705},
  year={2018},
  publisher={Elsevier}
}

